<?xml version="1.0" encoding="UTF-8"?><Document xmlns="urn:iso:std:iso:20022:tech:xsd:pain.008.001.11">
    <CstmrDrctDbtInitn>
        <GrpHdr>
            <MsgId>messageId</MsgId>
            <CreDtTm>2025-03-18T13:40:51.374393101</CreDtTm>
            <NbOfTxs>1</NbOfTxs>
            <CtrlSum>5.56</CtrlSum>
            <InitgPty>
                <Nm>AccountId</Nm>
            </InitgPty>
        </GrpHdr>
        <PmtInf>
            <PmtInfId>identification</PmtInfId>
            <PmtMtd>DD</PmtMtd>
            <ReqdColltnDt>2021-01-01</ReqdColltnDt>
            <Cdtr>
                <Nm>AccountId</Nm>
            </Cdtr>
            <CdtrAcct>
                <Id>
                    <IBAN>DE89370400440532013000</IBAN>
                </Id>
            </CdtrAcct>
            <CdtrAgt>
                <FinInstnId>
                    <BICFI>BYLADEM1001</BICFI>
                </FinInstnId>
            </CdtrAgt>
            <DrctDbtTxInf>
                <PmtId>
                    <EndToEndId>MandateId</EndToEndId>
                </PmtId>
                <PmtTpInf>
                    <SvcLvl>
                        <Cd>CORE</Cd>
                    </SvcLvl>
                    <LclInstrm>
                        <Cd>CORE</Cd>
                    </LclInstrm>
                    <SeqTp>OOFF</SeqTp>
                </PmtTpInf>
                <InstdAmt Ccy="EUR">5.56</InstdAmt>
                <DrctDbtTx>
                    <MndtRltdInf>
                        <MndtId>MandateId</MndtId>
                        <DtOfSgntr>2019-01-01</DtOfSgntr>
                    </MndtRltdInf>
                    <CdtrSchmeId>
                        <Id>
                            <PrvtId>
                                <Othr>
                                    <Id>Identification</Id>
                                </Othr>
                            </PrvtId>
                        </Id>
                    </CdtrSchmeId>
                </DrctDbtTx>
                <DbtrAgt>
                    <FinInstnId>
                        <BICFI>BYLADEM1001</BICFI>
                    </FinInstnId>
                </DbtrAgt>
                <Dbtr>
                    <Nm>AccountId</Nm>
                </Dbtr>
                <DbtrAcct>
                    <Id>
                        <IBAN>DE89370400440532013000</IBAN>
                    </Id>
                </DbtrAcct>
                <RmtInf>
                    <Ustrd>Invoice XXX</Ustrd>
                </RmtInf>
            </DrctDbtTxInf>
        </PmtInf>
    </CstmrDrctDbtInitn>
</Document>
